%% This BibTeX bibliography file was created using BibDesk.
%% http://bibdesk.sourceforge.net/


%% Created for Nate Roberts at 2014-09-23 11:38:27 -0500 


%% Saved with string encoding Unicode (UTF-8) 
@article{chan2014robust,
  title={A robust DPG method for convection-dominated diffusion problems II: Adjoint boundary conditions and mesh-dependent test norms},
  author={Chan, Jesse and Heuer, Norbert and Bui-Thanh, Tan and Demkowicz, Leszek},
  journal={Computers \& Mathematics with Applications},
  volume={67},
  number={4},
  pages={771--795},
  year={2014},
  publisher={Elsevier}
}

@article{demkowicz2013primal,
  title={A primal DPG method without a first-order reformulation},
  author={Demkowicz, L and Gopalakrishnan, Jayadeep},
  journal={Computers \& Mathematics with Applications},
  volume={66},
  number={6},
  pages={1058--1064},
  year={2013},
  publisher={Elsevier}
}

@article{BroersenStevenson,
	Abstract = {Motivated by the discontinuous Petrov--Galerkin method from Demkowicz & Gopalakrishnan [2011, Numer. Methods Partial Differential Equations, 27, 70--105], we study a variational formulation of second-order elliptic equations in mixed form that is obtained by piecewise integrating one of the two equations in the system w.r.t. a partition of the domain into mesh cells. We apply a Petrov--Galerkin discretization with optimal test functions, or equivalently, minimize the residual in the natural norm associated to the variational form. These optimal test functions can be found by solving local problems. Well-posedness, uniformly in the partition, and optimal error estimates are demonstrated.In the second part of the paper, the application to convection--diffusion problems is studied. The available freedom in the variational formulation and in its optimal Petrov--Galerkin discretization is used to construct a method that allows a (smooth) passing to a converging method in the convective limit, being a necessary condition to retain convergence and having a bound on the cost for a vanishing diffusion. The theoretical findings are illustrated by several numerical results.},
	Author = {Broersen, Dirk and Stevenson, Rob P.},
	Date-Added = {2014-09-23 16:37:44 +0000},
	Date-Modified = {2014-09-23 16:38:05 +0000},
	Doi = {10.1093/imanum/dru003},
	Eprint = {http://imajna.oxfordjournals.org/content/early/2014/02/27/imanum.dru003.full.pdf+html},
	Journal = {IMA Journal of Numerical Analysis},
	Title = {A Petrov--Galerkin discretization with optimal test space of a mild-weak formulation of convection--diffusion equations in mixed form},
	Url = {http://imajna.oxfordjournals.org/content/early/2014/02/27/imanum.dru003.abstract},
	Year = {2014},
	Bdsk-Url-1 = {http://imajna.oxfordjournals.org/content/early/2014/02/27/imanum.dru003.abstract},
	Bdsk-Url-2 = {http://dx.doi.org/10.1093/imanum/dru003}}

@article{barker2011overlapping,
	Author = {Barker, Andrew T and Brenner, Susanne C and Sung, L-Y},
	Date-Added = {2014-09-23 16:33:07 +0000},
	Date-Modified = {2014-09-23 16:33:07 +0000},
	Journal = {Journal of Numerical Mathematics},
	Number = {3},
	Pages = {165--187},
	Title = {Overlapping Schwarz domain decomposition preconditioners for the local discontinuous Galerkin method for elliptic problems},
	Volume = {19},
	Year = {2011}}

@techreport{ChanCompressibleNSICESreport,
	Address = {https://www.ices.utexas.edu/media/reports/2013/1323.pdf},
	Author = {J. Chan and L. Demkowicz and R. Moser},
	Date-Added = {2014-09-23 16:25:55 +0000},
	Date-Modified = {2014-09-23 16:27:28 +0000},
	Institution = {ICES},
	Title = {A {DPG} method for steady viscous compressible flow},
	Type = {13-23},
	Year = {2013}}

@article{WienersWohlmuth,
	Author = {Wieners, C. and Wohlmuth, B.},
	Date-Added = {2014-09-18 21:45:52 +0000},
	Date-Modified = {2014-09-18 21:45:59 +0000},
	Journal = {ESAIM: Mathematical Modelling and Numerical Analysis},
	Language = {English},
	Number = {5},
	Pages = {1473--1494},
	Title = {{Robust operator estimates and the application to sub structuring methods for first-order systems}},
	Volume = {48},
	Year = {2014}}

@article{Camellia,
	Author = {Nathan V. Roberts},
	Date-Added = {2014-07-14 17:47:22 +0000},
	Date-Modified = {2014-09-18 21:20:41 +0000},
	Journal = {Computers \& Mathematics with Applications},
	Title = {Camellia: A Software Framework for Discontinuous {P}etrov-{G}alerkin Methods},
	Year = {2014 (in press)}}

@phdthesis{RobertsDissertation,
	Author = {Nathan V. Roberts},
	Date-Added = {2014-01-09 17:43:36 +0000},
	Date-Modified = {2014-01-09 17:44:23 +0000},
	School = {University of Texas at Austin},
	Title = {A Discontinuous {Petrov-Galerkin} Methodology for Incompressible Flow Problems},
	Year = {2013}}

@article{DPG1,
	Author = {Demkowicz, L. and Gopalakrishnan, J.},
	Date-Added = {2014-01-07 21:57:35 +0000},
	Date-Modified = {2014-01-07 21:57:35 +0000},
	Journal = {Comput. Methods Appl. Mech. Engrg.},
	Note = {See also ICES Report 2009-12},
	Pages = {1558-1572},
	Title = {A Class of Discontinuous {Petrov-Galerkin} Methods. {Part I}: {T}he Transport Equation},
	Volume = {199},
	Year = {2010}}

@article{DPG2,
	Author = {Demkowicz, L. and Gopalakrishnan, J.},
	Date-Added = {2014-01-07 21:57:35 +0000},
	Date-Modified = {2014-01-11 03:39:04 +0000},
	Journal = {Numer. Meth. Part. D. E.},
	Month = {January},
	Number = {1},
	Pages = {70-105},
	Title = {A Class of Discontinuous {Petrov-Galerkin} Methods. {Part II}: {O}ptimal Test Functions},
	Volume = {27},
	Year = {2011}}

@techreport{DPG5,
	Author = {Chan, J. and Demkowicz, L. and Moser, R. and Roberts, N.},
	Date-Added = {2014-01-07 21:57:35 +0000},
	Date-Modified = {2014-01-07 21:57:35 +0000},
	Institution = {ICES},
	Number = {25},
	Title = {A Class of {Discontinuous Petrov--Galerkin} Methods. {Part V: S}olution of 1{D} {Burgers and Navier--Stokes} Equations},
	Year = {2010}}

@article{OzcelikkaleSert,
	Added-At = {2012-04-22T00:00:00.000+0200},
	Author = {A. Ozcelikkale and C. Sert},
	Biburl = {http://www.bibsonomy.org/bibtex/242588f845a386d33e2020c76175de600/dblp},
	Date-Added = {2014-01-03 20:57:38 +0000},
	Date-Modified = {2014-01-03 20:58:02 +0000},
	Ee = {http://dx.doi.org/10.1016/j.jcp.2012.01.024},
	Interhash = {26faa70a796ceba24842171e4285c296},
	Intrahash = {42588f845a386d33e2020c76175de600},
	Journal = {J. Comput. Physics},
	Keywords = {dblp},
	Number = 9,
	Pages = {3755-3769},
	Timestamp = {2012-04-22T00:00:00.000+0200},
	Title = {Least-squares spectral element solution of incompressible Navier-Stokes equations with adaptive refinement.},
	Url = {http://dblp.uni-trier.de/db/journals/jcphy/jcphy231.html#OzcelikkaleS12},
	Volume = 231,
	Year = 2012,
	Bdsk-Url-1 = {http://dblp.uni-trier.de/db/journals/jcphy/jcphy231.html#OzcelikkaleS12}}

@inproceedings{OdenMAFELAP1993,
	Author = {J.T. Oden},
	Booktitle = {The Mathematics of Finite Elements and Applications: Highlights 1993},
	Chapter = {1},
	Date-Added = {2014-01-03 19:26:36 +0000},
	Date-Modified = {2014-01-03 19:31:54 +0000},
	Editor = {J. Whiteman},
	Pages = {1-23},
	Publisher = {John Wiley \& Sons},
	Title = {Error estimation and control in computational fluid dynamics},
	Volume = {8},
	Year = {1993}}

@article{GreshoProjectionPart1,
	Author = {Philip M. Gresho},
	Date-Added = {2014-01-03 18:12:21 +0000},
	Date-Modified = {2014-01-03 18:12:21 +0000},
	Journal = {Int. J. Numer. Meth. Fluids},
	Pages = {587-620},
	Title = {On the theory of semi-implicit projection methods for viscous incompressible flow that also produces a nearly consistent mass matrix. Part 1: Theory.},
	Volume = {11},
	Year = {1990}}

@article{GreshoProjectionPart2,
	Author = {Philip M. Gresho and Stevens T. Chan},
	Date-Added = {2014-01-03 18:10:55 +0000},
	Date-Modified = {2014-01-03 18:12:39 +0000},
	Journal = {Int. J. Numer. Meth. Fluids},
	Pages = {587-620},
	Title = {On the theory of semi-implicit projection methods for viscous incompressible flow that also produces a nearly consistent mass matrix. Part 2: Implementation.},
	Volume = {11},
	Year = {1990}}

@book{KarniadakisSherwinSEM,
	Author = {G. Karniadakis and S. Sherwin},
	Date-Added = {2014-01-03 17:31:19 +0000},
	Date-Modified = {2014-01-03 20:49:40 +0000},
	Edition = {2nd},
	Publisher = {Oxford Science Publications},
	Title = {Spectral/hp Element Methods for Computational Fluid Dynamics},
	Year = {2005}}

@book{SchwabAdaptiveFEM,
	Author = {C. Schwab},
	Date-Added = {2014-01-03 17:28:38 +0000},
	Date-Modified = {2014-01-03 17:29:27 +0000},
	Publisher = {Oxford University Press},
	Title = {p- and hp- Finite Element Methods: Theory and Applications in Solid and Fluid Mechanics},
	Year = {1998}}

@article{ye1999accurate,
	Author = {Ye, Tao and Mittal, Rajat and Udaykumar, HS and Shyy, Wei},
	Date-Added = {2013-09-22 01:39:17 +0000},
	Date-Modified = {2013-10-10 19:12:38 +0000},
	Journal = {Journal of Computational Physics},
	Number = {2},
	Pages = {209--240},
	Publisher = {Elsevier},
	Title = {An accurate {C}artesian grid method for viscous incompressible flows with complex immersed boundaries},
	Volume = {156},
	Year = {1999}}

@article{russell2003cartesian,
	Author = {Russell, David and Jane Wang, Z},
	Date-Added = {2013-09-22 01:38:32 +0000},
	Date-Modified = {2013-10-10 19:12:07 +0000},
	Journal = {Journal of Computational Physics},
	Number = {1},
	Pages = {177--205},
	Publisher = {Elsevier},
	Title = {A {C}artesian grid method for modeling multiple moving objects in {2D} incompressible viscous flow},
	Volume = {191},
	Year = {2003}}

@article{calhoun2002cartesian,
	Author = {Calhoun, Donna},
	Date-Added = {2013-09-22 01:37:29 +0000},
	Date-Modified = {2013-10-10 19:09:44 +0000},
	Journal = {Journal of Computational Physics},
	Number = {2},
	Pages = {231--275},
	Publisher = {Elsevier},
	Title = {A {C}artesian grid method for solving the two-dimensional streamfunction-vorticity equations in irregular regions},
	Volume = {176},
	Year = {2002}}

@article{coutanceau1977experimental,
	Author = {Coutanceau, Madeleine and Bouard, Roger},
	Date-Added = {2013-09-22 01:36:23 +0000},
	Date-Modified = {2013-09-22 01:36:23 +0000},
	Journal = {Journal of Fluid Mechanics},
	Number = {02},
	Pages = {231--256},
	Publisher = {Cambridge Univ Press},
	Title = {Experimental determination of the main features of the viscous flow in the wake of a circular cylinder in uniform translation. Part 1. Steady flow},
	Volume = {79},
	Year = {1977}}

@article{loc1980numerical,
	Author = {Loc, Ta Phuoc},
	Date-Added = {2013-09-22 01:20:26 +0000},
	Date-Modified = {2013-09-22 01:20:26 +0000},
	Journal = {Journal of Fluid Mechanics},
	Number = {1},
	Pages = {111--128},
	Publisher = {Cambridge Univ Press},
	Title = {Numerical analysis of unsteady secondary vortices generated by an impulsively started circular cylinder},
	Volume = {100},
	Year = {1980}}

@article{he1997lattice,
	Author = {He, Xiaoyi and Doolen, Gary},
	Date-Added = {2013-09-22 01:18:35 +0000},
	Date-Modified = {2013-10-10 19:10:08 +0000},
	Journal = {Journal of Computational Physics},
	Number = {2},
	Pages = {306--315},
	Publisher = {Elsevier},
	Title = {Lattice {B}oltzmann method on curvilinear coordinates system: flow around a circular cylinder},
	Volume = {134},
	Year = {1997}}

@article{niu2003simulation,
	Author = {Niu, XD and Chew, YT and Shu, C},
	Date-Added = {2013-09-22 01:17:39 +0000},
	Date-Modified = {2013-10-21 14:46:04 +0000},
	Journal = {Journal of Computational Physics},
	Number = {1},
	Pages = {176--193},
	Publisher = {Elsevier},
	Title = {Simulation of flows around an impulsively started circular cylinder by Taylor series expansion-and least squares-based lattice {B}oltzmann method},
	Volume = {188},
	Year = {2003}}

@article{sanyasiraju2005flow,
	Author = {Sanyasiraju, YVSS and Manjula, V},
	Date-Added = {2013-09-22 01:16:25 +0000},
	Date-Modified = {2013-09-22 01:16:25 +0000},
	Journal = {Physical Review E},
	Number = {1},
	Pages = {016709},
	Publisher = {APS},
	Title = {Flow past an impulsively started circular cylinder using a higher-order semicompact scheme},
	Volume = {72},
	Year = {2005}}

@article{loc1975etude,
	Author = {Loc, Ta Phuoc},
	Date-Added = {2013-09-22 00:54:34 +0000},
	Date-Modified = {2013-09-22 00:54:34 +0000},
	Journal = {J. Mec},
	Number = {1},
	Pages = {109--134},
	Title = {Etude numerique de l'ecoulement d'un fluide visqueux incompressible autour d'un cylindre fixe ou en rotation, Effet Magnus},
	Volume = {14},
	Year = {1975}}

@article{nieuwstadt1973viscous,
	Author = {Nieuwstadt, F and Keller, HB},
	Date-Added = {2013-09-22 00:52:54 +0000},
	Date-Modified = {2013-09-22 00:52:54 +0000},
	Journal = {Computers \& Fluids},
	Number = {1},
	Pages = {59--71},
	Publisher = {Elsevier},
	Title = {Viscous flow past circular cylinders},
	Volume = {1},
	Year = {1973}}

@article{dennis1970numerical,
	Author = {Dennis, SCR and Chang, Gau-Zu},
	Date-Added = {2013-09-22 00:51:49 +0000},
	Date-Modified = {2013-09-22 00:51:49 +0000},
	Journal = {J. Fluid Mech},
	Number = {3},
	Pages = {471--489},
	Publisher = {Cambridge Univ Press},
	Title = {Numerical solutions for steady flow past a circular cylinder at Reynolds numbers up to 100},
	Volume = {42},
	Year = {1970}}

@article{fornberg1980numerical,
	Author = {Fornberg, Bengt},
	Date-Added = {2013-09-22 00:36:53 +0000},
	Date-Modified = {2013-09-22 00:36:53 +0000},
	Journal = {Journal of Fluid Mechanics},
	Number = {4},
	Pages = {819--855},
	Publisher = {Cambridge Univ Press},
	Title = {A numerical study of steady viscous flow past a circular cylinder},
	Volume = {98},
	Year = {1980}}

@article{le2006immersed,
	Author = {Le, DV and Khoo, BC and Peraire, J},
	Date-Added = {2013-09-21 23:25:59 +0000},
	Date-Modified = {2013-09-21 23:25:59 +0000},
	Journal = {Journal of Computational Physics},
	Number = {1},
	Pages = {109--138},
	Publisher = {Elsevier},
	Title = {An immersed interface method for viscous incompressible flows involving rigid and flexible boundaries},
	Volume = {220},
	Year = {2006}}

@article{grove1964experimental,
	Author = {Grove, AS and Shair, FH and Petersen, EE},
	Date-Added = {2013-09-21 23:21:36 +0000},
	Date-Modified = {2013-09-21 23:21:36 +0000},
	Journal = {Journal of Fluid Mechanics},
	Number = {01},
	Pages = {60--80},
	Publisher = {Cambridge Univ Press},
	Title = {An experimental investigation of the steady separated flow past a circular cylinder},
	Volume = {19},
	Year = {1964}}

@article{tritton1959experiments,
	Author = {Tritton, DJ},
	Date-Added = {2013-09-21 22:13:48 +0000},
	Date-Modified = {2013-10-10 19:11:11 +0000},
	Journal = {J. Fluid Mech},
	Number = {4},
	Pages = {547--567},
	Publisher = {Cambridge Univ Press},
	Title = {Experiments on the flow past a circular cylinder at low {R}eynolds numbers},
	Volume = {6},
	Year = {1959}}

@article{gartling1990test,
	Author = {Gartling, David K.},
	Date-Added = {2013-09-21 17:59:41 +0000},
	Date-Modified = {2014-01-11 03:39:47 +0000},
	Journal = {International Journal for Numerical Methods in Fluids},
	Number = {7},
	Pages = {953--967},
	Publisher = {Wiley Online Library},
	Title = {A test problem for outflow boundary conditions---flow over a backward-facing step},
	Volume = {11},
	Year = {1990}}

@article{pontaza2003spectral,
	Author = {Pontaza, JP and Reddy, JN},
	Date-Added = {2013-09-21 17:57:48 +0000},
	Date-Modified = {2013-10-10 19:10:54 +0000},
	Journal = {Journal of Computational Physics},
	Number = {2},
	Pages = {523--549},
	Publisher = {Elsevier},
	Title = {Spectral/hp least-squares finite element formulation for the {N}avier--{S}tokes equations},
	Volume = {190},
	Year = {2003}}

@article{prabhakar2006spectral,
	Author = {Prabhakar, V and Reddy, JN},
	Date-Added = {2013-09-21 17:55:34 +0000},
	Date-Modified = {2013-10-10 19:11:43 +0000},
	Journal = {Journal of Computational Physics},
	Number = {1},
	Pages = {274--297},
	Publisher = {Elsevier},
	Title = {Spectral/hp penalty least-squares finite element formulation for the steady incompressible {N}avier--{S}tokes equations},
	Volume = {215},
	Year = {2006}}

@book{Yosida,
	Author = {K\^{o}saku Yosida},
	Date-Added = {2013-08-17 16:10:33 +0000},
	Date-Modified = {2013-08-17 16:11:30 +0000},
	Publisher = {Springer},
	Title = {Functional Analysis},
	Year = {1980}}

@article{EvansHughesStokes,
	Author = {Evans, John A and Hughes, Thomas JR},
	Date-Added = {2013-08-14 21:58:18 +0000},
	Date-Modified = {2013-08-14 21:58:59 +0000},
	Journal = {Mathematical Models and Methods in Applied Sciences},
	Number = {04},
	Pages = {671--741},
	Publisher = {World Scientific},
	Title = {Isogeometric Divergence-conforming {B}-splines for the {D}arcy-{S}tokes-{B}rinkman Equations},
	Volume = {23},
	Year = {2013}}

@article{EvansHughesUnsteadyNavierStokes,
	Author = {Evans, John A and Hughes, Thomas JR},
	Date-Added = {2013-08-14 21:57:40 +0000},
	Date-Modified = {2013-08-14 21:59:24 +0000},
	Journal = {Journal of Computational Physics},
	Publisher = {Elsevier},
	Title = {Isogeometric Divergence-conforming {B}-splines for the Unsteady {N}avier-{S}tokes Equations},
	Year = {2013}}

@article{EvansHughesSteadyNavierStokes,
	Author = {Evans, John A and Hughes, Thomas JR},
	Date-Added = {2013-08-14 21:56:15 +0000},
	Date-Modified = {2013-08-14 21:59:12 +0000},
	Journal = {Mathematical Models and Methods in Applied Sciences},
	Number = {08},
	Pages = {1421--1478},
	Publisher = {World Scientific},
	Title = {Isogeometric Divergence-conforming {B}-splines for the Steady {N}avier-{S}tokes Equations},
	Volume = {23},
	Year = {2013}}

@techreport{BabuskaBrezzi,
	Annote = {Submitted to Computers \& Mathematics with Applications.},
	Author = {Leszek F. Demkowicz},
	Date-Added = {2013-08-14 20:43:18 +0000},
	Date-Modified = {2013-08-14 22:08:29 +0000},
	Institution = {ICES},
	Number = {06-08},
	Title = {Babu{\v{s}}ka {$<=>$} {B}rezzi {??}},
	Url = {https://www.ices.utexas.edu/media/reports/2006/0608.pdf},
	Year = {2006},
	Bdsk-Url-1 = {http://www.ices.utexas.edu/media/reports/2012/1222.pdf}}

@techreport{ChanDPGGlobalLocal,
	Author = {Chan, J. and Gopalakrishnan, J. and Demkowicz, L.},
	Date-Added = {2013-07-18 19:08:25 +0000},
	Date-Modified = {2013-07-18 19:09:06 +0000},
	Institution = {ICES},
	Number = {13-05},
	Title = {Global properties of {DPG} test spaces for convection-diffusion problems},
	Year = {2013}}

@misc{CostabelDauge,
	Author = {Martin Costabel and Monique Dauge},
	Date-Added = {2013-07-18 17:01:00 +0000},
	Date-Modified = {2013-08-14 22:19:11 +0000},
	Howpublished = {\url{http://arxiv.org/abs/1303.6141}},
	Title = {On the inequalities of {B}abu{\v{s}}ka-{A}ziz, {F}riedrichs and {Horgan-Payne}},
	Url = {http://arxiv.org/abs/1303.6141},
	Bdsk-Url-1 = {http://arxiv.org/abs/1303.6141}}

@book{GiraultRaviart,
	Author = {V. Girault and P.-A. Raviart},
	Date-Added = {2013-07-18 16:58:57 +0000},
	Date-Modified = {2013-07-18 16:59:54 +0000},
	Publisher = {Springer-Verlag},
	Title = {Finite Element Approximation of the Navier-Stokes Equations},
	Year = {1979}}

@techreport{SolinVejchodsky,
	Author = {Pavel {\v{S}}ol{\'{i}}n and Tom{\'{a}}{\v{s}} Vejchodsk{\'{y}}},
	Date-Added = {2013-07-18 16:33:38 +0000},
	Date-Modified = {2013-07-18 16:37:29 +0000},
	Institution = {The University of Texas at El Paso},
	Number = {2006-08},
	Title = {Continuous hp Finite Elements Based on Generalized Eigenfunctions},
	Year = {2006}}

@article{armaly1983,
	Author = {Armaly,B. F. and Durst,F. and Pereira,J. C. F. and Sch{\"o}nung,B.},
	Date-Added = {2013-07-11 02:36:19 +0000},
	Date-Modified = {2013-07-11 02:36:19 +0000},
	Doi = {10.1017/S0022112083002839},
	Issn = {1469-7645},
	Journal = {Journal of Fluid Mechanics},
	Month = {1},
	Numpages = {24},
	Pages = {473--496},
	Title = {Experimental and theoretical investigation of backward-facing step flow},
	Url = {http://journals.cambridge.org.ezproxy.lib.utexas.edu/article_S0022112083002839},
	Volume = {127},
	Year = {1983},
	Bdsk-Url-1 = {http://journals.cambridge.org.ezproxy.lib.utexas.edu/article_S0022112083002839},
	Bdsk-Url-2 = {http://dx.doi.org/10.1017/S0022112083002839}}

@book{BrennerScott,
	Author = {Susanne C. Brenner and L. Ridgeway Scott},
	Date-Added = {2013-07-09 18:36:58 +0000},
	Date-Modified = {2013-07-09 18:37:59 +0000},
	Edition = {3rd},
	Publisher = {Springer},
	Title = {The Mathematical Theory of Finite Element Methods},
	Year = {2008}}

@techreport{TanDPGasOptimization,
	Annote = {Submitted to Computers \& Mathematics with Applications.},
	Author = {Tan Bui-Thanh and Omar Ghattas},
	Date-Added = {2013-07-08 16:07:04 +0000},
	Date-Modified = {2013-08-14 22:15:30 +0000},
	Institution = {ICES},
	Number = {13-16},
	Title = {A {PDE}-constrained Optimization Approach to the Discontinuous {Petrov-Galerkin} Method with a Trust Region Inexact {Newton-CG} Solver},
	Url = {https://www.ices.utexas.edu/media/reports/2013/1316.pdf},
	Year = {2013},
	Bdsk-Url-1 = {http://www.ices.utexas.edu/media/reports/2012/1222.pdf}}

@article{GordonHall,
	Author = {W.J. Gordon and C.A. Hall},
	Date-Added = {2013-06-20 21:44:23 +0000},
	Date-Modified = {2013-06-20 21:45:44 +0000},
	Journal = {Numer. Math.},
	Pages = {109-129},
	Title = {Transfinite element methods: blending function interpolation over arbitrary curved element domain},
	Volume = {21},
	Year = {1973}}

@article{Kalita2012,
	Author = {Jiten C. Kalita and Shuvam Sen},
	Date-Added = {2013-06-18 16:07:47 +0000},
	Date-Modified = {2013-07-19 01:26:19 +0000},
	Doi = {http://dx.doi.org/10.1016/j.compfluid.2012.02.006},
	Issn = {0045-7930},
	Journal = {Computers \& Fluids},
	Keywords = {Perturbation},
	Number = {0},
	Pages = {44 - 60},
	Title = {Triggering asymmetry for flow past circular cylinder at low {R}eynolds numbers},
	Url = {http://www.sciencedirect.com/science/article/pii/S0045793012000515},
	Volume = {59},
	Year = {2012},
	Bdsk-Url-1 = {http://www.sciencedirect.com/science/article/pii/S0045793012000515},
	Bdsk-Url-2 = {http://dx.doi.org/10.1016/j.compfluid.2012.02.006}}

@article{takami1969,
	Author = {Hideo Takami and Herbert B. Keller},
	Date-Added = {2013-06-18 16:00:19 +0000},
	Date-Modified = {2013-06-18 16:00:28 +0000},
	Doi = {10.1063/1.1692469},
	Journal = {Physics of Fluids},
	Number = {12},
	Pages = {II-51-II-56},
	Publisher = {AIP},
	Title = {Steady Two-Dimensional Viscous Flow of an Incompressible Fluid past a Circular Cylinder},
	Url = {http://link.aip.org/link/?PFL/12/II-51/1},
	Volume = {12},
	Year = {1969},
	Bdsk-Url-1 = {http://link.aip.org/link/?PFL/12/II-51/1},
	Bdsk-Url-2 = {http://dx.doi.org/10.1063/1.1692469}}

@article{Niu2003,
	Author = {X.D. Niu and Y.T. Chew and C. Shu},
	Date-Added = {2013-06-18 15:54:24 +0000},
	Date-Modified = {2013-06-18 15:54:33 +0000},
	Doi = {http://dx.doi.org/10.1016/S0021-9991(03)00161-X},
	Issn = {0021-9991},
	Journal = {Journal of Computational Physics},
	Keywords = {Incompressible flow},
	Number = {1},
	Pages = {176 - 193},
	Title = {Simulation of flows around an impulsively started circular cylinder by Taylor series expansion- and least squares-based lattice Boltzmann method},
	Url = {http://www.sciencedirect.com/science/article/pii/S002199910300161X},
	Volume = {188},
	Year = {2003},
	Bdsk-Url-1 = {http://www.sciencedirect.com/science/article/pii/S002199910300161X},
	Bdsk-Url-2 = {http://dx.doi.org/10.1016/S0021-9991(03)00161-X}}

@article{Alleborn1997,
	Author = {N. Alleborn and K. Nandakumar and H. Raszillier and F. Durst},
	Date-Added = {2013-06-17 22:21:28 +0000},
	Date-Modified = {2013-06-17 22:22:51 +0000},
	Journal = {J. Fluid Mech.},
	Number = {330},
	Pages = {169-188},
	Title = {Further contributions on the two-dimensional flow in a sudden expansion},
	Year = {1997}}

@article{JohnMatthies,
	Author = {V. John and G. Matthies},
	Date-Added = {2013-06-17 21:48:35 +0000},
	Date-Modified = {2013-06-17 21:50:04 +0000},
	Journal = {Int. J. Numer. Meth. Fluids},
	Pages = {885--903},
	Title = {Higher-order finite element discretizations in a benchmark problem for incompressible flows},
	Volume = {37},
	Year = {2001}}

@phdthesis{Nabh1998,
	Author = {G. Nabh},
	Date-Added = {2013-06-17 21:47:10 +0000},
	Date-Modified = {2013-06-17 21:48:00 +0000},
	School = {Universit\"{a}t Heidelberg},
	Title = {On higher order methods for the stationary incompressible {N}avier--{S}tokes equations},
	Year = {1998}}

@article{SchaeferTurek1996,
	Author = {M. Sh{\"a}fer and S. Turek},
	Date-Added = {2013-06-17 21:07:23 +0000},
	Date-Modified = {2013-06-17 21:15:55 +0000},
	Journal = {Flow Simulation with High-Performance Computers {II}},
	Pages = {pp. 547--566},
	Title = {Benchmark computations of laminar flow around cylinder},
	Year = {1996}}

@article{BotellaPeyret,
	Author = {Botella, O. and Peyret, R.},
	Date-Added = {2013-06-15 19:17:42 +0000},
	Date-Modified = {2014-01-11 03:38:47 +0000},
	Journal = {Computers \& Fluids},
	Number = {4},
	Pages = {421--433},
	Publisher = {Elsevier},
	Title = {Benchmark spectral results on the lid-driven cavity flow},
	Volume = {27},
	Year = {1998}}

@misc{BarkerDPG,
	Author = {Andrew T. Barker and Susanne C. Brenner and Eun-Hee Park and Li-Yeng Sung},
	Date-Added = {2013-05-13 16:45:29 +0000},
	Date-Modified = {2013-08-14 22:10:34 +0000},
	Howpublished = {\url{http://arxiv.org/abs/1212.2645}},
	Month = {December},
	Title = {A One-level Additive {S}chwarz Preconditioner for a Discontinuous {P}etrov-{G}alerkin Method},
	Url = {http://arxiv.org/abs/1212.2645},
	Year = {2012},
	Bdsk-Url-1 = {http://arxiv.org/abs/1212.2645}}

@techreport{ChanDPGSpacetime,
	Author = {J. Chan and L. Demkowicz and M. Shashkov},
	Date-Added = {2013-05-13 16:35:32 +0000},
	Date-Modified = {2013-05-13 16:37:14 +0000},
	Institution = {LANL},
	Month = {September},
	Number = {Technical Report LA-UR 11-05511},
	Title = {Space-time {DPG} for shock problems},
	Year = {2011}}

@misc{dissertationproposal,
	Author = {Nathan V. Roberts},
	Date-Added = {2013-05-06 19:49:03 +0000},
	Date-Modified = {2013-05-06 19:56:54 +0000},
	Howpublished = {\url{http://users.ices.utexas.edu/~nroberts/proposal.pdf}},
	Month = {August},
	School = {University of Texas at Austin},
	Title = {The {DPG} Method for Incompressible Flow Problems (dissertation proposal)},
	Url = {http://users.ices.utexas.edu/~nroberts/proposal.pdf},
	Year = {2012},
	Bdsk-Url-1 = {http://users.ices.utexas.edu/~nroberts/proposal.pdf}}

@article{lions2001parareal,
	Author = {Lions, J-L and Maday, Yvon and Turinici, Gabriel},
	Date-Added = {2013-05-06 17:34:06 +0000},
	Date-Modified = {2013-05-06 17:43:14 +0000},
	Journal = {Comptes Rendus de l'Academie des Sciences Series I Mathematics},
	Number = {7},
	Pages = {661--668},
	Publisher = {Elsevier},
	Title = {A ``parareal'' in time discretization of {PDE}'s},
	Volume = {332},
	Year = {2001}}

@article{dahmen,
	Author = {W. Dahmen and A. Cohen and G. Welper},
	Date-Added = {2013-05-06 17:14:03 +0000},
	Date-Modified = {2013-05-06 17:15:14 +0000},
	Journal = {ESAIM: Mathematical Modelling and Numerical Analysis},
	Number = {5},
	Pages = {1247--1273},
	Title = {Adaptivity and variational stabilization for convection-diffusion equations},
	Volume = {46},
	Year = {2012}}

@article{biswas2004,
	Author = {G. Biswas and M. Breuer and F. Durst},
	Date-Added = {2013-03-03 03:19:32 +0000},
	Date-Modified = {2013-06-17 22:36:06 +0000},
	Journal = {Transactions of the ASME},
	Pages = {362-374},
	Title = {Backward-facing step flows for various expansion ratios at low and moderate {R}eynolds numbers},
	Volume = {126},
	Year = {2004}}

@article{AlbensoederKuhlmann,
	Author = {Albensoeder, S. and Kuhlmann, H.C.},
	Date-Added = {2013-03-03 02:58:59 +0000},
	Date-Modified = {2013-03-03 03:00:15 +0000},
	Journal = {Journal of Computational Physics},
	Pages = {536-558},
	Title = {Accurate three-dimensional lid-driven cavity flow},
	Volume = {206},
	Year = {2005}}

@article{AlbensoederKuhlmannRath,
	Author = {Albensoeder, S. and Kuhlmann, H.C. and Rath, H.J.},
	Date-Added = {2013-03-03 02:57:31 +0000},
	Date-Modified = {2013-03-03 02:58:55 +0000},
	Journal = {Physics of Fluids},
	Pages = {121-135},
	Title = {Three-dimensional centrifugal-flow instabilities in the lid-driven cavity problem},
	Volume = {13},
	Year = {2001}}

@article{BruneauSaad,
	Author = {Charles-Henri Bruneau and Mazen Saad},
	Date-Added = {2013-03-02 03:34:24 +0000},
	Date-Modified = {2014-09-23 16:38:27 +0000},
	Doi = {10.1016/j.compfluid.2004.12.004},
	Issn = {0045-7930},
	Journal = {Computers \& Fluids},
	Number = {3},
	Pages = {326 - 348},
	Title = {The {2D} lid-driven cavity problem revisited},
	Url = {http://www.sciencedirect.com/science/article/pii/S0045793005000368},
	Volume = {35},
	Year = {2006},
	Bdsk-Url-1 = {http://www.sciencedirect.com/science/article/pii/S0045793005000368},
	Bdsk-Url-2 = {http://dx.doi.org/10.1016/j.compfluid.2004.12.004}}

@article{CardosoBicudo,
	Adsnote = {Provided by the SAO/NASA Astrophysics Data System},
	Adsurl = {http://adsabs.harvard.edu/abs/2008arXiv0809.3098C},
	Archiveprefix = {arXiv},
	Author = {{Cardoso}, N. and {Bicudo}, P.},
	Date-Added = {2013-03-01 19:26:53 +0000},
	Date-Modified = {2013-03-01 19:26:53 +0000},
	Eprint = {0809.3098},
	Journal = {ArXiv e-prints},
	Keywords = {Physics - Fluid Dynamics},
	Month = sep,
	Primaryclass = {physics.flu-dyn},
	Title = {{Time dependent simulation of the Driven Lid Cavity at High Reynolds Number}},
	Year = 2008}

@article{TautgesMOAB,
	Author = {Tautges, Timothy J.},
	Date-Added = {2013-02-21 15:41:49 +0000},
	Date-Modified = {2013-02-21 15:48:30 +0000},
	Journal = {Engineering with Computers},
	Keywords = {Structured; Semi-structured; Mesh; Finite difference; Finite element},
	Pages = {286-293},
	Title = {{MOAB-SD}: integrated structured and unstructured mesh representation},
	Url = {http://dx.doi.org/10.1007/s00366-004-0296-0},
	Volume = {20},
	Year = {2004},
	Bdsk-Url-1 = {http://dx.doi.org/10.1007/s00366-004-0296-0}}

@article{FOSLS1,
	Acmid = {195107},
	Address = {Philadelphia, PA, USA},
	Author = {Cai, Z. and Lazarov, R. and Manteuffel, T. A. and McCormick, S. F.},
	Date-Added = {2012-08-29 00:56:33 +0000},
	Date-Modified = {2012-08-29 00:56:42 +0000},
	Doi = {10.1137/0731091},
	Issn = {0036-1429},
	Issue_Date = {Dec. 1994},
	Journal = {SIAM J. Numer. Anal.},
	Keywords = {Rayleigh-Ritz, finite elements, least-squares discretization, second-order elliptic problems},
	Month = dec,
	Number = {6},
	Numpages = {15},
	Pages = {1785--1799},
	Publisher = {Society for Industrial and Applied Mathematics},
	Title = {First-order system least squares for second-order partial differential equations: part I},
	Url = {http://dx.doi.org/10.1137/0731091},
	Volume = {31},
	Year = {1994},
	Bdsk-Url-1 = {http://dx.doi.org/10.1137/0731091}}

@article{FOSLS2,
	Acmid = {250326},
	Address = {Philadelphia, PA, USA},
	Author = {Cai, Zhiqiang and Manteuffel, Thomas A. and McCormick, Stephen F.},
	Date-Added = {2012-08-29 00:55:55 +0000},
	Date-Modified = {2012-08-29 00:56:01 +0000},
	Doi = {10.1137/S0036142994266066},
	Issn = {0036-1429},
	Issue_Date = {April. 1997},
	Journal = {SIAM J. Numer. Anal.},
	Keywords = {iterative methods, least-squares discretization, multigrid, second-order elliptic problems},
	Month = apr,
	Number = {2},
	Numpages = {30},
	Pages = {425--454},
	Publisher = {Society for Industrial and Applied Mathematics},
	Title = {First-Order System Least Squares for Second-Order Partial Differential Equations: Part II},
	Url = {http://dx.doi.org/10.1137/S0036142994266066},
	Volume = {34},
	Year = {1997},
	Bdsk-Url-1 = {http://dx.doi.org/10.1137/S0036142994266066}}

@article{TrilinosShortAuthors,
	Address = {New York, NY, USA},
	Author = {Michael A. Heroux et al.},
	Date-Added = {2012-08-22 22:39:55 +0000},
	Date-Modified = {2012-08-22 22:40:07 +0000},
	Doi = {http://doi.acm.org/10.1145/1089014.1089021},
	Issn = {0098-3500},
	Journal = {ACM Trans. Math. Softw.},
	Number = {3},
	Pages = {397--423},
	Publisher = {ACM Press},
	Title = {{An overview of the Trilinos project}},
	Volume = {31},
	Year = {2005},
	Bdsk-Url-1 = {http://doi.acm.org/10.1145/1089014.1089021}}

@article{Williamson1996,
	Author = {Williamson, C. H. K.},
	Citeulike-Article-Id = {788921},
	Date-Added = {2012-08-22 19:43:58 +0000},
	Date-Modified = {2012-08-22 19:44:08 +0000},
	Journal = {Annual review of Fluid Mechanics},
	Keywords = {immersed\_boundaries, wall-modeling},
	Pages = {477--539},
	Posted-At = {2006-08-07 16:53:59},
	Priority = {0},
	Title = {{Vortex dynamics in the cylinder wake}},
	Volume = {28},
	Year = {1996}}

@phdthesis{EvansThesis,
	Author = {J. Evans},
	Date-Added = {2012-08-18 23:11:42 +0000},
	Date-Modified = {2012-08-18 23:12:32 +0000},
	School = {University of Texas at Austin},
	Title = {Divergence-free {B}-spline Discretizations for Viscous Incompressible Flows},
	Year = {2011}}

@article{KovasznayCylinder,
	Author = {L.S.G. Kovasznay},
	Date-Added = {2012-08-18 20:20:02 +0000},
	Date-Modified = {2012-08-18 21:01:30 +0000},
	Journal = {Proceedings of the Royal Society of London. Series A, Mathematical and Physical Sciences},
	Number = {1053},
	Pages = {174-190},
	Title = {Hot-Wire Investigation of the Wake behind Cylinders at Low {R}eynolds Numbers},
	Volume = {198},
	Year = {1949}}

@article{REFTREE,
	Author = {W.F. Mitchell},
	Date-Added = {2012-08-17 19:47:32 +0000},
	Date-Modified = {2012-08-17 19:47:32 +0000},
	Issue = {4},
	Journal = {Journal of Parallel and Distributed Computing},
	Pages = {417-429},
	Title = {A Refinement-tree Based Partitioning Method for Dynamic Load Balancing with Adaptively Refined Grids},
	Volume = {67},
	Year = {2007}}

@book{GoFBook,
	Address = {Boston, MA, USA},
	Author = {Gamma, Erich and Helm, Richard and Johnson, Ralph and Vlissides, John},
	Date-Added = {2012-08-17 19:40:45 +0000},
	Date-Modified = {2012-08-17 19:40:53 +0000},
	Isbn = {0-201-63361-2},
	Publisher = {Addison-Wesley Longman Publishing Co., Inc.},
	Title = {Design patterns: elements of reusable object-oriented software},
	Year = {1995}}

@incollection{shewchuk96b,
	Author = {Jonathan Richard Shewchuk},
	Booktitle = {Applied Computational Geometry: Towards Geometric Engineering},
	Date-Added = {2012-08-17 17:07:45 +0000},
	Date-Modified = {2012-08-17 17:07:45 +0000},
	Editor = {Ming C. Lin and Dinesh Manocha},
	Month = may,
	Note = {From the First ACM Workshop on Applied Computational Geometry},
	Pages = {203--222},
	Publisher = {Springer-Verlag},
	Series = {Lecture Notes in Computer Science},
	Title = {Triangle: {E}ngineering a {2D} {Q}uality {M}esh {G}enerator and {D}elaunay {T}riangulator},
	Volume = 1148,
	Year = 1996}

@article{ZoltanOverviewArticle,
	Author = {Karen Devine and Erik Boman and Robert Heaphy and Bruce Hendrickson and Courtenay Vaughan},
	Date-Added = {2012-07-02 03:38:14 +0000},
	Date-Modified = {2012-07-02 03:38:14 +0000},
	Journal = {Computing in Science and Engineering},
	Number = {2},
	Pages = {90--97},
	Title = {{Zoltan} Data Management Services for Parallel Dynamic Applications},
	Volume = {4},
	Year = {2002}}

@article{Kovasznay,
	Author = {Kovasznay,L. I. G.},
	Date-Added = {2012-07-02 02:50:14 +0000},
	Date-Modified = {2012-07-02 02:50:20 +0000},
	Doi = {10.1017/S0305004100023999},
	Eprint = {http://journals.cambridge.org/article_S0305004100023999},
	Journal = {Mathematical Proceedings of the Cambridge Philosophical Society},
	Number = {01},
	Pages = {58-62},
	Title = {Laminar flow behind a two-dimensional grid},
	Url = {http://dx.doi.org/10.1017/S0305004100023999},
	Volume = {44},
	Year = {1948},
	Bdsk-Url-1 = {http://dx.doi.org/10.1017/S0305004100023999}}

@article{Cockburn2002,
	Author = {Bernardo Cockburn and Guido Kanschat and Dominik Sch{\"o}tzau},
	Date-Added = {2012-07-02 02:24:21 +0000},
	Date-Modified = {2013-08-14 22:18:13 +0000},
	Journal = {Math. Comp},
	Number = {246},
	Pages = {569--593},
	Title = {The local discontinuous {Galerkin} method for the {Oseen} equations},
	Volume = {73},
	Year = {2002}}

@book{fenics:book,
	Date-Added = {2012-06-30 01:14:18 +0000},
	Date-Modified = {2012-06-30 01:14:18 +0000},
	Doi = {10.1007/978-3-642-23099-8},
	Editor = {A. Logg and K.-A. Mardal and G. N. Wells},
	Publisher = {Springer},
	Series = {Lecture Notes in Computational Science and Engineering},
	Title = {Automated Solution of Differential Equations by the Finite Element Method},
	Url = {http://dx.doi.org/10.1007/978-3-642-23099-8},
	Volume = {84},
	Year = {2012},
	Bdsk-Url-1 = {http://dx.doi.org/10.1007/978-3-642-23099-8}}

@article{Cockburn2007,
	Acmid = {1240008},
	Address = {New York, NY, USA},
	Author = {Cockburn, Bernardo and Kanschat, Guido and Sch\"{o}tzau, Dominik},
	Date-Added = {2012-06-28 20:22:47 +0000},
	Date-Modified = {2013-08-14 22:17:54 +0000},
	Doi = {10.1007/s10915-006-9107-7},
	Issn = {0885-7474},
	Issue_Date = {May 2007},
	Journal = {J. Sci. Comput.},
	Keywords = {Navier---Stokes equations, discontinuous Galerkin methods, divergence-free condition},
	Month = may,
	Number = {1-2},
	Numpages = {13},
	Pages = {61--73},
	Publisher = {Plenum Press},
	Title = {A Note on Discontinuous {G}alerkin Divergence-free Solutions of the {Navier-Stokes} Equations},
	Url = {http://dx.doi.org/10.1007/s10915-006-9107-7},
	Volume = {31},
	Year = {2007},
	Bdsk-Url-1 = {http://dx.doi.org/10.1007/s10915-006-9107-7}}

@article{Cockburn2004,
	Author = {Bernardo Cockburn and Guido Kanschat and Dominik Sch\"{o}tzau},
	Date-Added = {2012-06-28 20:21:06 +0000},
	Date-Modified = {2012-08-24 01:15:46 +0000},
	Journal = {Math. Comp},
	Pages = {1067--1095},
	Title = {A locally conservative {LDG} method for the incompressible {N}avier-{S}tokes equations},
	Year = {2004}}

@article{GuermondMinev2011,
	Author = {J.L. Guermond and P.D. Minev},
	Date-Added = {2012-06-28 20:13:19 +0000},
	Date-Modified = {2012-06-28 20:14:25 +0000},
	Doi = {10.1016/j.cma.2011.02.007},
	Issn = {0045-7825},
	Journal = {Computer Methods in Applied Mechanics and Engineering},
	Keywords = {Time splitting},
	Number = {23--24},
	Pages = {2083 - 2093},
	Title = {A new class of massively parallel direction splitting for the incompressible {N}avier--{S}tokes equations},
	Url = {http://www.sciencedirect.com/science/article/pii/S0045782511000429},
	Volume = {200},
	Year = {2011},
	Bdsk-Url-1 = {http://www.sciencedirect.com/science/article/pii/S0045782511000429},
	Bdsk-Url-2 = {http://dx.doi.org/10.1016/j.cma.2011.02.007}}

@article{Doering2009,
	Abstract = {{It is not known whether the three-dimensional (3D) incompressible Navier-Stokes equations possess unique smooth (continuously differentiable) solutions at high Reynolds numbers. This problem is quite important for basic science, practical applications, and numerical computations. This review presents a selective survey of the current state of the mathematical theory, focusing on the technical source of difficulties encountered with the construction of smooth solutions. It also highlights physical phenomena behind the mathematical challenges.}},
	Author = {Doering, Charles R.},
	Citeulike-Article-Id = {7603194},
	Citeulike-Linkout-0 = {http://www.annualreviews.org/doi/abs/10.1146/annurev.fluid.010908.165218},
	Citeulike-Linkout-1 = {http://dx.doi.org/10.1146/annurev.fluid.010908.165218},
	Date-Added = {2012-06-28 20:07:16 +0000},
	Date-Modified = {2012-06-28 20:07:23 +0000},
	Doi = {10.1146/annurev.fluid.010908.165218},
	Journal = {Annual Review of Fluid Mechanics},
	Keywords = {navier-stokes},
	Number = {1},
	Pages = {109--128},
	Posted-At = {2010-08-10 03:59:26},
	Priority = {2},
	Title = {{The 3D Navier-Stokes Problem}},
	Url = {http://dx.doi.org/10.1146/annurev.fluid.010908.165218},
	Volume = {41},
	Year = {2009},
	Bdsk-Url-1 = {http://dx.doi.org/10.1146/annurev.fluid.010908.165218}}

@article{dealiiwithp4est,
	Author = {Wolfgang Bangerth and Carsten Burstedde and Timo Heister and Martin Kronbichler},
	Date-Added = {2012-06-28 18:43:52 +0000},
	Date-Modified = {2012-06-28 18:43:52 +0000},
	Journal = {ACM Transactions on Mathematical Software},
	Number = {2},
	Title = {Algorithms and Data Structures for Massively Parallel Generic Adaptive Finite Element Codes},
	Volume = {38},
	Year = {2011}}

@article{p4est,
	Author = {Carsten Burstedde and Lucas C. Wilcox and Omar Ghattas},
	Date-Added = {2012-06-28 16:45:42 +0000},
	Date-Modified = {2012-06-28 16:45:42 +0000},
	Doi = {10.1137/100791634},
	Journal = {SIAM Journal on Scientific Computing},
	Number = {3},
	Pages = {1103-1133},
	Title = {{\texttt{p4est}}: Scalable Algorithms for Parallel Adaptive Mesh Refinement on Forests of Octrees},
	Volume = {33},
	Year = {2011},
	Bdsk-Url-1 = {http://dx.doi.org/10.1137/100791634}}

@article{KarniadakisEtAl,
	Author = {Karniadakis, G and Israeli, M and Orszag, S},
	Date-Added = {2012-06-27 19:30:35 +0000},
	Date-Modified = {2013-08-14 22:22:20 +0000},
	Journal = {Journal of Computational Physics},
	Number = {2},
	Pages = {414--443},
	Publisher = {Elsevier},
	Title = {High-order splitting methods for the incompressible {Navier-Stokes} equations},
	Url = {http://linkinghub.elsevier.com/retrieve/pii/0021999191900078},
	Volume = {97},
	Year = {1991},
	Bdsk-Url-1 = {http://linkinghub.elsevier.com/retrieve/pii/0021999191900078}}

@article{OrszagEtAl,
	Author = {Orszag, Steven A and Israeli, Moshe and Deville, Michel O},
	Date-Added = {2012-06-27 19:29:26 +0000},
	Date-Modified = {2012-06-27 19:29:32 +0000},
	Journal = {Journal of Scientific Computing},
	Number = {1},
	Pages = {75--111},
	Publisher = {Springer},
	Title = {Boundary conditions for incompressible flows},
	Url = {http://www.springerlink.com/index/10.1007/BF01061454},
	Volume = {1},
	Year = {1986},
	Bdsk-Url-1 = {http://www.springerlink.com/index/10.1007/BF01061454}}

@article{Kirk2006,
	Acmid = {1230693},
	Address = {London, UK, UK},
	Author = {Kirk, Benjamin S. and Peterson, John W. and Stogner, Roy H. and Carey, Graham F.},
	Date-Added = {2012-06-27 19:16:41 +0000},
	Date-Modified = {2012-08-18 21:48:32 +0000},
	Doi = {10.1007/s00366-006-0049-3},
	Issn = {0177-0667},
	Issue_Date = {December 2006},
	Journal = {Eng. with Comput.},
	Keywords = {Adaptive mesh refinement, Finite elements, Parallel computing},
	Month = dec,
	Number = {3},
	Numpages = {18},
	Pages = {237--254},
	Publisher = {Springer-Verlag},
	Title = {lib{M}esh: a {C}++ library for parallel adaptive mesh refinement/coarsening simulations},
	Url = {http://dx.doi.org/10.1007/s00366-006-0049-3},
	Volume = {22},
	Year = {2006},
	Bdsk-Url-1 = {http://dx.doi.org/10.1007/s00366-006-0049-3}}

@article{BangerthKanschat99,
	Author = {Wolfgang Bangerth and Guido Kanschat},
	Date-Added = {2012-06-27 19:13:37 +0000},
	Date-Modified = {2013-03-03 03:11:22 +0000},
	Journal = {IWR},
	Title = {Concepts for object-oriented finite element software -- the deal.{II} library},
	Year = {1999}}

@article{Guermond06,
	Author = {J.L. Guermond and P. Minev and Jie Shen},
	Date-Added = {2012-06-26 18:32:46 +0000},
	Date-Modified = {2012-06-26 18:34:32 +0000},
	Journal = {Computer Methods in Applied Mechanics and Engineering},
	Pages = {6011--6045},
	Title = {An overview of projection methods for incompressible flows},
	Volume = {195},
	Year = {2006}}

@article{GuermondShen,
	Author = {J.L. Guermond and Jie Shen},
	Date-Added = {2012-06-26 18:00:07 +0000},
	Date-Modified = {2012-06-26 18:03:41 +0000},
	Journal = {J. Comput. Phys.},
	Pages = {262--276},
	Title = {A new class of truly consistent splitting schemes for incompressible flows},
	Volume = {192},
	Year = {2003}}

@article{Temam69.I,
	Author = {Roger Temam},
	Date-Added = {2012-06-26 17:45:50 +0000},
	Date-Modified = {2012-06-26 17:45:50 +0000},
	Journal = {Arch. Rational Mech. Anal.},
	Pages = {135-153},
	Title = {Sur l'approximation de la solution des \'{e}quations de {N}avier-{S}tokes par la m\'{e}thode des pas fractionnaires ({I})},
	Volume = {32},
	Year = {1969}}

@article{Temam69.II,
	Author = {Roger Temam},
	Date-Added = {2012-06-26 17:34:15 +0000},
	Date-Modified = {2012-06-26 17:46:15 +0000},
	Journal = {Arch. Rational Mech. Anal.},
	Pages = {377-385},
	Title = {Sur l'approximation de la solution des \'{e}quations de {N}avier-{S}tokes par la m\'{e}thode des pas fractionnaires ({II})},
	Volume = {33},
	Year = {1969}}

@article{LDGOseen,
	Author = {Bernardo Cockburn and Guido Kanschat and Dominik Sch{\"o}tzau},
	Date-Added = {2012-06-20 19:17:14 +0000},
	Date-Modified = {2012-06-20 19:20:38 +0000},
	Journal = {Computers \& Fluids},
	Pages = {491-506},
	Title = {The local discontinuous {G}alerkin method for linearized incompressible fluid flow: a review},
	Volume = {34},
	Year = {2005}}

@article{Chorin68,
	Author = {Alexandre Joel Chorin},
	Date-Added = {2012-06-13 16:20:52 +0000},
	Date-Modified = {2012-06-13 16:27:41 +0000},
	Journal = {Math. Comp},
	Pages = {745-762},
	Title = {Numerical solution of the {N}avier-{S}tokes equations},
	Volume = {22},
	Year = {1968}}

@url{Rannacher99,
	Author = {Rolf Rannacher},
	Date-Added = {2012-06-13 16:11:55 +0000},
	Date-Modified = {2013-05-15 20:36:36 +0000},
	Title = {Finite Element Methods for the Incompressible {N}avier-{S}tokes Equations (lecture notes)},
	Url = {http://www.numerik.uni-hd.de/Oberwolfach-Seminar/CFD-Course.pdf},
	Year = {1999},
	Bdsk-Url-1 = {http://www.numerik.uni-hd.de/Oberwolfach-Seminar/CFD-Course.pdf}}

@article{DPGStokes,
  title={The DPG method for the Stokes problem},
  author={Roberts, Nathan V and Bui-Thanh, Tan and Demkowicz, Leszek},
  journal={Computers \& Mathematics with Applications},
  volume={67},
  number={4},
  pages={966--995},
  year={2014},
  publisher={Elsevier}
}

@article{BramwellDemkowiczGopalakrishnanQiu11,
	Author = {Bramwell, J. and Demkowicz, L. and Gopalakrishnan, J. and Qiu, W.},
	Date-Added = {2012-06-12 16:29:56 +0000},
	Date-Modified = {2014-01-07 21:59:29 +0000},
	Journal = {Num. Math.},
	Month = {December},
	Number = {4},
	Pages = {671-707},
	Title = {A Locking-free $hp$ {DPG} Method for Linear Elasticity with Symmetric Stresses},
	Volume = {122},
	Year = {2012}}

@techreport{BuiDemkowiczGhattas11_2,
	Author = {Bui-Thanh, T. and Demkowicz,L. and Ghattas, O.},
	Date-Added = {2012-06-12 16:29:56 +0000},
	Date-Modified = {2012-06-12 16:29:56 +0000},
	Institution = {ICES},
	Number = {34},
	Title = {A Unified Discontinuous {Petrov-Galerkin Method} and its Analysis for {F}riedrichs' Systems},
	Year = {2011}}

@article{DPG6,
	Author = {Demkowicz, L. and Gopalakrishnan, J.},
	Date-Added = {2012-06-12 16:29:56 +0000},
	Date-Modified = {2012-06-12 16:29:56 +0000},
	Journal = {SIAM J. Num. Anal.},
	Number = {5},
	Optnote = {see also ICES Report 2010/37},
	Pages = {1788-1809},
	Title = {Analysis of the {DPG} Method for the {P}oisson Problem},
	Volume = {49},
	Year = {2011}}

@article{DemkowiczGopalakrishnanMugaZitelli12,
	Author = {Demkowicz, L. and Gopalakrishnan, J. and Muga, I. and Zitelli, J.},
	Date-Added = {2012-06-12 16:29:56 +0000},
	Date-Modified = {2012-06-12 16:29:56 +0000},
	Journal = {Comput. Methods Appl. Mech. Engrg.},
	Pages = {126-138},
	Title = {Wavenumber Explicit Analysis for a {DPG} Method for the Multidimensional {H}elmholtz Equation},
	Volume = {213-216},
	Year = {2012}}

@book{hpbook,
	Author = {Demkowicz, L.},
	Date-Added = {2012-06-12 16:29:56 +0000},
	Date-Modified = {2013-08-14 22:20:16 +0000},
	Month = {October},
	Publisher = {Chapman \& Hall/CRC Press, Taylor and Francis},
	Title = {Computing with $hp$ Finite Elements. I. One- and Two-Dimensional Elliptic and {M}axwell Problems},
	Year = {2006}}

@book{McLean,
	Author = {W. McLean},
	Date-Added = {2012-06-12 16:29:56 +0000},
	Date-Modified = {2012-06-12 16:29:56 +0000},
	Publisher = {Cambridge University Press},
	Title = {Strongly Elliptic Systems and Boundary Integral Equations},
	Year = {2000}}

@book{FAbook,
	Address = {Boca Raton},
	Author = {Oden, J.T. and Demkowicz, L.F.},
	Date-Added = {2012-06-12 16:29:56 +0000},
	Date-Modified = {2012-06-12 16:29:56 +0000},
	Note = {Second edition},
	Publisher = {Chapman \& Hall/CRC Press},
	Title = {Applied Functional Analysis for Science and Engineering},
	Year = {2010}}

@book{Showalter,
	Address = {London},
	Author = {Showalter, R. E.},
	Date-Added = {2012-06-12 16:29:56 +0000},
	Date-Modified = {2012-06-12 16:29:56 +0000},
	Publisher = {Pitman Publishing Limited},
	Title = {Hilbert Space Methods for Partial Differential Equations},
	Year = {1977}}

@article{DPG4,
	Author = {Zitelli, J. and Muga, I. and Demkowicz, L. and Gopalakrishnan, J. and Pardo, D. and Calo, V.},
	Date-Added = {2012-06-12 16:29:56 +0000},
	Date-Modified = {2012-06-12 16:29:56 +0000},
	Journal = {J. Comp. Phys.},
	Optnote = {see also ICES Report 2010/17},
	Pages = {2406-2432},
	Title = {A Class of Discontinuous {P}etrov-{G}alerkin Methods. {Part IV:} {W}ave Propagation Problems},
	Volume = {230},
	Year = {2011}}

@article{Brezzi74,
	Author = {F. Brezzi},
	Date-Added = {2012-06-02 22:07:55 +0000},
	Date-Modified = {2012-06-08 01:45:24 +0000},
	Journal = {R.A.I.R.O., Anal. Num\'{e}r.},
	Pages = {129-151},
	Title = {On the existence, uniqueness, and approximation of saddle point problems arising from {L}agrangian multipliers},
	Volume = {2},
	Year = {1974}}

@book{BrezziFortin,
	Author = {Brezzi, F. and Fortin, M.},
	Date-Added = {2012-06-02 21:58:15 +0000},
	Date-Modified = {2012-06-02 21:58:24 +0000},
	Isbn = {9780387975825},
	Lccn = {91010909},
	Publisher = {Springer-Verlag},
	Series = {Springer series in computational mathematics},
	Title = {Mixed and hybrid finite element methods},
	Url = {http://books.google.com/books?id=yYwZAQAAIAAJ},
	Year = {1991},
	Bdsk-Url-1 = {http://books.google.com/books?id=yYwZAQAAIAAJ}}

@article{NiemiBramwellDemkowicz10,
	Author = {Niemi, A.H. and Bramwell, J.A. and Demkowicz, L.F.},
	Date-Added = {2012-06-02 21:09:35 +0000},
	Date-Modified = {2012-06-02 21:09:35 +0000},
	Journal = {Computer Methods in Applied Mechanics and Engineering},
	Month = {Feb},
	Number = {9-12},
	Pages = {1291-1300},
	Title = {{Discontinuous Petrov--Galerkin} Method with Optimal Test Functions for Thin-Body Problems in Solid Mechanics},
	Volume = {200},
	Year = {2011}}

@article{GopalakrishnanQiu11,
	Author = {Gopalakrishnan, Jay and Qiu, Weifeng},
	Date-Added = {2012-05-31 16:14:12 +0000},
	Date-Modified = {2012-08-17 19:45:37 +0000},
	Journal = {Mathematics of Computation},
	Keywords = {dpg, practical, proof},
	Title = {{An analysis of the practical DPG method}},
	Year = {2012}}

@article{MoroNguyenPeraire11,
	Author = {Moro, D. and Nguyen, N.C. and Peraire, J.},
	Date-Added = {2012-05-31 01:47:58 +0000},
	Date-Modified = {2012-06-08 01:42:26 +0000},
	Journal = {Int.J. Num. Meth. Eng.},
	Note = {in print},
	Title = {A Hybridized Discontinuous {P}etrov-{G}alerkin Scheme for Scalar Conservation Laws},
	Year = {2011}}

@article{Moffatt,
	Author = {H.K. Moffatt},
	Date-Added = {2012-05-14 17:06:12 +0000},
	Date-Modified = {2013-07-12 02:44:02 +0000},
	Journal = {Journal of Fluid Mechanics},
	Number = {1},
	Pages = {1-18},
	Title = {Viscous and Resistive Eddies Near a Sharp Corner},
	Volume = {18},
	Year = {1964}}

@article{Castillo00,
	Author = {P. Castillo and B. Cockburn and I. Perugia and D. Sch{\"o}tzau},
	Date-Added = {2012-05-05 19:38:29 +0000},
	Date-Modified = {2012-05-05 19:40:22 +0000},
	Journal = {SIAM J. Numer. Anal.},
	Pages = {1676-1706.},
	Title = {An a priori error analysis of the local discontinuous {G}alerkin method for elliptic problems},
	Volume = {38},
	Year = {2000}}

@book{Ladyzhenskaya,
	Author = {O.A. Ladyzhenskaya},
	Date-Added = {2012-05-04 20:37:25 +0000},
	Date-Modified = {2012-05-04 20:38:05 +0000},
	Publisher = {Gordon and Breach, London},
	Title = {The Mathematical Theory of Viscous Incompressible Flows},
	Year = {1969}}

@techreport{DemkowiczHeuer,
	Author = {L. Demkowicz and N. Heuer},
	Date-Added = {2012-05-04 20:22:17 +0000},
	Date-Modified = {2012-05-04 20:22:17 +0000},
	Institution = {ICES},
	Number = {33},
	Title = {Robust {DPG} method for convection-dominated diffusion problems},
	Year = {2011}}

@techreport{RobertsetAl11,
	Author = {Nathan V. Roberts and Denis Ridzal and Pavel B. Bochev and Leszek F. Demkowicz},
	Date-Added = {2012-05-04 18:06:13 +0000},
	Date-Modified = {2013-08-14 22:16:18 +0000},
	Institution = {Sandia National Laboratories},
	Number = {SAND2011-6678},
	Title = {A Toolbox for a Class of Discontinuous {Petrov-Galerkin} Methods Using {Trilinos}},
	Url = {https://cfwebprod.sandia.gov/cfdocs/CCIM/docs/Roberts_et_al_SAND2011-6678.pdf},
	Year = 2011,
	Bdsk-Url-1 = {https://cfwebprod.sandia.gov/cfdocs/CCIM/docs/Roberts_et_al_SAND2011-6678.pdf}}

@incollection{BoffiBrezziFortin,
	Author = {D. Boffi and F. Brezzi and M. Fortin},
	Booktitle = {Lecture Notes in Mathematics},
	Date-Added = {2012-04-17 22:19:09 +0000},
	Date-Modified = {2012-04-17 22:21:05 +0000},
	Pages = {45-100},
	Publisher = {Springer},
	Title = {Finite Elements for the {S}tokes Problem},
	Volume = {1939},
	Year = {2008}}

@article{BochevLehoucq,
	Author = {Pavel Bochev and R. B. Lehoucq},
	Date-Added = {2012-04-04 22:43:08 +0000},
	Date-Modified = {2012-04-04 22:43:08 +0000},
	Journal = {SIAM Review},
	Month = {March},
	Number = {1},
	Pages = {55-66},
	Title = {On the Finite Element Solution of the Pure {N}eumann Problem},
	Volume = {47},
	Year = {2005}}

@article{Intrepid,
	Author = {Pavel B. Bochev and Robert C. Kirby and Kara J. Peterson and Denis Ridzal},
	Date-Added = {2012-04-04 22:43:08 +0000},
	Date-Modified = {2012-04-04 22:43:08 +0000},
	Journal = {http://trilinos.sandia.gov/packages/intrepid/},
	Title = {Intrepid Project}}

@inbook{Bochev,
	Author = {Pavel B. Bochev and Max D. Gunzberger},
	Date-Added = {2012-04-04 22:43:08 +0000},
	Date-Modified = {2012-04-04 22:43:08 +0000},
	Pages = {114-128},
	Publisher = {Springer},
	Series = {Applied Mathematical Sciences},
	Title = {Least-Squares Finite Element Methods},
	Volume = {166},
	Year = {2009}}

@techreport{DPG1023,
	Author = {J. Bramwell and L. Demkowicz and W. Qiu},
	Date-Added = {2012-04-04 22:43:08 +0000},
	Date-Modified = {2013-08-14 22:13:56 +0000},
	Institution = {ICES},
	Number = {2010-23},
	Title = {Solution of dual-mixed elasticity Equations using {Arnold-Falk-Winther} Element and discontinuous {P}etrov-{G}alerkin method, a comparison},
	Year = 2010}

@book{Folland,
	Author = {G.B. Folland},
	Date-Added = {2012-04-04 22:43:08 +0000},
	Date-Modified = {2012-04-04 22:43:08 +0000},
	Publisher = {Princeton},
	Title = {Introduction to Partial Differential Equations},
	Year = {1976}}

@book{Gilbarg,
	Author = {D. Gilbarg and N.S. Trudinger},
	Date-Added = {2012-04-04 22:43:08 +0000},
	Date-Modified = {2012-04-04 22:43:08 +0000},
	Publisher = {Springer-Verlag},
	Title = {Elliptic Partial Differential Equations of Second Order},
	Year = {1983}}

@article{Trilinos,
	Address = {New York, NY, USA},
	Author = {Michael A. Heroux and Roscoe A. Bartlett and Vicki E. Howle and Robert J. Hoekstra and Jonathan J. Hu and Tamara G. Kolda and Richard B. Lehoucq and Kevin R. Long and Roger P. Pawlowski and Eric T. Phipps and Andrew G. Salinger and Heidi K. Thornquist and Ray S. Tuminaro and James M. Willenbring and Alan Williams and Kendall S. Stanley},
	Date-Added = {2012-04-04 22:43:08 +0000},
	Date-Modified = {2012-04-04 22:43:08 +0000},
	Doi = {http://doi.acm.org/10.1145/1089014.1089021},
	Issn = {0098-3500},
	Journal = {ACM Trans. Math. Softw.},
	Number = {3},
	Pages = {397--423},
	Publisher = {ACM Press},
	Title = {{An overview of the Trilinos project}},
	Volume = {31},
	Year = {2005},
	Bdsk-Url-1 = {http://doi.acm.org/10.1145/1089014.1089021}}

@article{Hughes,
	Author = {Thomas J.R. Hughes and Guglielmo Scovazzi and Pavel B. Bochev and Annalisa Buffa},
	Date-Added = {2012-04-04 22:43:08 +0000},
	Date-Modified = {2012-04-04 22:43:08 +0000},
	Doi = {DOI: 10.1016/j.cma.2005.06.006},
	Issn = {0045-7825},
	Journal = {Computer Methods in Applied Mechanics and Engineering},
	Keywords = {Galerkin methods},
	Number = {19-22},
	Pages = {2761 - 2787},
	Title = {{A multiscale discontinuous Galerkin method with the computational structure of a continuous Galerkin method}},
	Url = {http://www.sciencedirect.com/science/article/B6V29-4HMFJ5F-1/2/5541b393360c41d7bbcbcfe9b9e252bd},
	Volume = {195},
	Year = {2006},
	Bdsk-Url-1 = {http://www.sciencedirect.com/science/article/B6V29-4HMFJ5F-1/2/5541b393360c41d7bbcbcfe9b9e252bd},
	Bdsk-Url-2 = {http://dx.doi.org/10.1016/j.cma.2005.06.006}}

@article{Babuska70,
	Author = {Babu{\v{s}}ka, I.},
	Journal = {Numer. Math},
	Optpages = {322--333},
	Title = {Error-bounds for finite element method},
	Volume = {16},
	Year = {1970/1971}}

@book{BabuskaAziz72,
	Address = {New York},
	Annote = {pp.~1--359},
	Author = {Babu{\v{s}}ka, I. and Aziz, A.K.},
	Note = {With the collaboration of G. Fix and R. B. Kellogg},
	Publisher = {Academic Press},
	Title = {Survey lectures on the mathematical foundations of the finite element method, in The mathematical foundations of the finite element method with applications to partial differential equations ({P}roc. {S}ympos., {U}niv. {M}aryland, {B}altimore, {M}d., 1972)},
	Year = {1972}}

@article{BabuskaCalozOsborn94,
	Author = {Babu{\v{s}}ka, Iv. and Caloz, G. and Osborn, J.,E.},
	Journal = {SIAM J. Numer. Anal.},
	Ovolume = {31},
	Pages = {945--981},
	Title = {Special Finite Element Methods for a Class of Second Order Elliptic Problems with Rough Coefficients},
	Year = {1994}}

@article{BottassoMichelettiSacco02,
	Author = {Bottasso, C.L. and Micheletti, S. and Sacco, R.},
	Journal = {Comput. Methods Appl. Mech. Engrg.},
	Pages = {3391--3409},
	Title = {The discontinuous {P}etrov-{G}alerkin method for elliptic problems},
	Volume = {191},
	Year = {2002}}

@article{BottassoMichelettiSacco05,
	Author = {Bottasso, C.L. and Micheletti, S. and Sacco, R.},
	Journal = {Comput. Methods Appl. Mech. Engrg.},
	Pages = {2819--2838},
	Title = {A multiscale formulation of the discontinuous {P}etrov-{G}alerkin method for advective-diffusive problems},
	Volume = {194},
	Year = {2005}}

@article{BrambleLazarovPasciak97,
	Author = {Bramble, J.H. and Lazarov, R.D. and Pasciak, J.E.},
	Journal = {Math. Comp},
	Optpages = {935--955},
	Title = {A least-squares approach based on a discrete minus one inner product for first order systems},
	Volume = {66},
	Year = {1997}}

@article{BramblePasciak04,
	Author = {Bramble, J.H. and Pasciak, J.E.},
	Journal = {Math. Comp.},
	Pages = {1739--1762},
	Title = {A new approximation technique for div-curl systems},
	Volume = {73},
	Year = {2004}}

@article{CaiLazarovManteuffelMcCormick94,
	Author = {Cai, Z.and Lazarov, R. and Manteuffel, T.A. and McCormick, S.F.},
	Journal = {SIAM J. Numer. Anal.},
	Pages = {1785--1799},
	Title = {First-order system least squares for second-order partial differential equations. {I}},
	Volume = {31},
	Year = {1994}}

@article{CausinSacco05,
	Author = {Causin, P. and Sacco, R.},
	Journal = {SIAM J. Numer. Anal.},
	Optpages = {280--302},
	Title = {A discontinuous {P}etrov-{G}alerkin method with {L}agrangian multipliers for second order elliptic problems},
	Volume = {43},
	Year = {2005}}

@article{CausinSaccoBottasso05,
	Author = {Causin, P. and Sacco, R. and Bottasso, C.L.},
	Journal = {M2AN Math. Model. Numer. Anal.},
	Pages = {1087--1114},
	Title = {Flux-upwind stabilization of the discontinuous {P}etrov-{G}alerkin formulation with {L}agrange multipliers for advection-diffusion problems},
	Volume = {39},
	Year = {2005}}

@article{HoustonSchwabSuli00,
	Author = {Houston, P. and Schwab, C. and and S{\"u}li, E.},
	Journal = {SIAM J. Numer. Anal.},
	Note = {(electronic)},
	Pages = {1618--1643},
	Title = {Stabilized {$hp$}-Finite Element Methods for First-order Hyperbolic Problems},
	Volume = {37},
	Year = {2000}}

@article{HoustonSchwabSuli02,
	Author = {Houston, P. and Schwab, C. and and S{\"u}li, E.},
	Journal = {SIAM J. Numer. Anal.},
	Optnote = {(electronic)},
	Pages = {2133--2163},
	Title = {Discontinuous {$hp$}-Finite Element Methods for Advection-Diffusion-Reaction Problems},
	Volume = {39},
	Year = {2002}}

@article{ZhuSchotzau10,
	Annote = {doi:10.1093/imanum/drp038},
	Author = {Zhu, I. and Sch\"{o}tzau},
	Journal = {IMA Journal of Numerical Analysis},
	Note = {Advance Access published April 28, 2010},
	Pages = {1--35},
	Title = {A Robust a Posteriori Error Estimate for $hp$-Adaptive DG methods for Convection--Diffusion Equations},
	Year = {2010}}

@article{NguyenPeraireCockburn09,
	Author = {Nguyen, N. and Peraire, J. and Cockburn, B.},
	Journal = {Journal of Computational Physics},
	Optpages = {3232--3254},
	Title = {An Implicit High-order Hybridizable Discontinuous {G}alerkin Method for Linear Convection--Diffusion Equations},
	Volume = {228},
	Year = {2009}}

@techreport{DPG3,
	Author = {Demkowicz, L. and Gopalakrishnan, J. and Niemi, A.},
	Institution = {ICES},
	Note = {submitted to App. Num. Math.},
	Number = {1},
	Title = {A Class of Discontinuous {Petrov-Galerkin} Methods. {Part III}: {A}daptivity.},
	Year = {2010}}

@techreport{BramwellDemkowiczQiu10,
	Author = {Bramwell, J. and Demkowicz, L. and Qiu, W.},
	Date-Modified = {2012-06-26 18:37:22 +0000},
	Institution = {ICES},
	Number = {23},
	Title = {Solution of Dual--Mixed Elasticity Equations Using {A}rnold--{F}alk--{W}inther Element and Discontinuous {P}etrov {G}alerkin Method. {A} Comparison},
	Year = {2010}}

@article{AFW:2007:MMEW,
	Author = {D. N. Arnold and R. S. Falk and R. Winther},
	Journal = {Mathematics of Computation},
	Pages = {1699--1723},
	Title = {Mixed finite element methods for linear elasticity with weakly imposed symmetry},
	Volume = {76},
	Year = {2007}}

@article{HuttunenMonkKaipio02,
	Author = {Huttunen, T. and Monk P. and Kaipio, J.P.},
	Journal = {J. Comp. Phys.},
	Number = {1},
	Pages = {27--46},
	Title = {Computational Aspects of the Ultra-Weak Variational Formulation},
	Volume = {182},
	Year = {2002}}

@article{BabuskaOdenLee78,
	Author = {Babu\v{s}ka, I. and Oden, J.T. and Lee, J.K.},
	Journal = {Comput. Methods Appl. Mech. Engrg.},
	Number = {1},
	Pages = {1--22},
	Title = {Mixed-hybrid finite element approximations of second-order elliptic boundary value problems. {II. Weak}-hybrid methods.},
	Volume = {14},
	Year = {1978}}

@article{BabuskaOdenLee77,
	Author = {Babu\v{s}ka, I. and Oden, J.T. and Lee, J.K.},
	Journal = {Comput. Methods Appl. Mech. Engrg.},
	Number = {2},
	Pages = {175--206},
	Title = {Mixed-hybrid finite element approximations of second-order elliptic boundary value problems},
	Volume = {14},
	Year = {1977}}

@article{DO86_1,
	Author = {Demkowicz, L. and Oden, J. T.},
	Journal = {Journal of Computational Physics},
	Number = {1},
	Pages = {188--273},
	Title = {An Adaptive Characteristic {Petrov-Galerkin} Finite Element Method for Convection-Dominated Linear and Nonlinear Parabolic Problems in One Space Variable},
	Volume = {68},
	Year = {1986}}

@article{DO86_2,
	Author = {Demkowicz, L. and Oden, J. T.},
	Journal = {Comput. Methods Appl. Mech. Engrg.},
	Number = {1-2},
	Pages = {65--87},
	Title = {An Adaptive Characteristic {Petrov-Galerkin} Finite Element Method for Convection-Dominated Linear and Nonlinear Parabolic Problems in Two Space Variables},
	Volume = {55},
	Year = {1986}}

@article{AinsworthWajid09,
	Author = {Ainsworth, M. and Wajid, H.},
	Journal = {University of Strathclyde Mathmatics Research Report},
	Number = {12},
	Title = {Optimally blended spectral-finite element scheme for wave propagation, and non-standard reduced integration},
	Year = {2009}}

@book{Ihlenburg,
	Address = {New York},
	Author = {Ihlenburg, F.},
	Publisher = {Springer-Verlag},
	Series = {Applied Mathematical Sciences},
	Title = {Finite Element Analysis of Acoustic Scattering},
	Volume = {132},
	Year = {1998}}

@article{FarhatMandelRoux94,
	Author = {Farhat, Ch. and Mandel, J. and Roux, F-X},
	Journal = {Comput. Methods Appl. Mech. Engrg.},
	Number = {3-4},
	Pages = {365--385},
	Title = {Optimal convergence properties of the {FETI} domain decomposition method},
	Volume = {115},
	Year = {1994}}

@article{BarboneHarari01,
	Author = {Barbone, P.E. and Harari, I.},
	Journal = {Comput. Methods Appl. Mech. Engrg.},
	Optpages = {5679--5690},
	Title = {Nearly $H^1$-optimal Finite Element Methods},
	Volume = {190},
	Year = {2001}}

@article{Givoli88,
	Author = {Givoli, D.},
	Journal = {Internat.J.Numer.Methods Engrg.},
	Number = {6},
	Pages = {1281--1298},
	Title = {Nonlocal and Semilocal Optimal Weighting Functions for Symmetric Problems Involving a Small Parameter},
	Volume = {26},
	Year = {1988}}

@article{FengWu09,
	Author = {Feng X. and Wu H.},
	Journal = {SIAM J. Numer. Anal.},
	Number = {4},
	Pages = {2872--2896},
	Title = {Discontinuous Galerkin Methods for the Helmholtz Equation with Large Wave Number},
	Volume = {47},
	Year = {2009}}

@article{N80,
	Author = {N\'ed\'elec, J.C.},
	Journal = {Numer. Math.},
	Pages = {315-341},
	Title = {Mixed Finite Elements in ${\doubleIR}^3$},
	Volume = {35},
	Year = {1980}}

@book{hpbook2,
	Author = {Demkowicz, L. and Kurtz, J. and Pardo, D. and Paszy\'{n}ski, M. and Rachowicz, W. and Zdunek, A.},
	Month = {October},
	Publisher = {Chapman \& Hall/CRC},
	Title = {Computing with $hp$ Finite Elements. II. Frontiers: Three-Dimensional Elliptic and Maxwell Problems with Applications},
	Year = {2007}}

@incollection{RobertsetAl10,
	Author = {Roberts, Nathan V. and Ridzal, Denis and Bochev, Pavel B. and Demkowicz, Leszek and Peterson, Kara J. and Siefert, Christopher M.},
	Booktitle = {CSRI Summer Proceedings 2010},
	Date-Modified = {2014-01-11 03:41:24 +0000},
	Publisher = {Sandia National Laboratories},
	Title = {Application of a Discontinuous {P}etrov-{G}alerkin Method to the {S}tokes Equations},
	Year = {2010}}

@article{CockburnKanschatSchotzauSchwab03,
	Author = {Cockburn, B. and Kanschat, G. and Schotzau, D. and Schwab, Ch.},
	Journal = {SIAM J. on Num. Anal.},
	Pages = {319--343},
	Title = {Local {D}iscontinuous {G}alerkin Methods for the {S}tokes System},
	Volume = {40},
	Year = {2003}}

@article{HughesFrancaMallet86,
	Author = {Hughes, T.J.R. and Franca, L.P. and Mallet, M.},
	Journal = {Comput. Methods Appl. Mech. Engrg.},
	Pages = {223--234},
	Title = {A New Finite Element Formulation for Computational Fluid Dynamics: I. {S}ymmetric Forms of the Compressible {E}uler and {N}avier-{S}tokes Equations and the Second Law of Thermodynamics},
	Volume = {54},
	Year = {1986}}

@article{DOR90,
	Author = {Demkowicz, L. and Oden, J.T. and Rachowicz, R.},
	Journal = {Comput. Methods Appl. Mech. Engrg.},
	Pages = {275-326},
	Title = {A New Finite Element Method for Solving Compressible { Navier-Stokes} Equations Based on an Operator Splitting Method and $hp$ Adaptivity},
	Volume = {84},
	Year = {1990}}

@article{DORH91,
	Author = {Demkowicz, L. and Oden, J.T. and Rachowicz, W. and Hardy, O.},
	Journal = {Comput. Methods Appl. Mech. Engrg.},
	Number = {3},
	Pages = {363-396},
	Title = {An $hp$ {Taylor-Galerkin} Finite Element Method for Compressible {Euler} Equations},
	Volume = {88},
	Year = {1991}}

@article{BanasDemkowicz96,
	Author = {Bana\'{s}, K. and Demkowicz, L.},
	Journal = {Journal of Computational Physics},
	Pages = {181-201},
	Title = {Entropy Controlled Adaptive Finite Element Simulations for Compressible Gas Flow},
	Volume = {126},
	Year = {1996}}

@phdthesis{Strikwerda76,
	Author = {Strikwerda, J.C.},
	School = {Dept. of Math., Standford},
	Title = {Initial Boundary Value Problems for Incompletely Parabolic Problems},
	Year = {1976}}

@article{ChowCarey87,
	Author = {Chow, S.S. and Carey, G.F.},
	Journal = {J. Austral. Math. Soc. Ser. B},
	Optvolume = {29},
	Pages = {88--102},
	Title = {Finite Element Error Estimates for Subsonic Flow},
	Year = {1987}}

@book{FFS03,
	Address = {Oxford},
	Author = {Feistauer, M. and Felcman, J. and Straskraba, I.},
	Note = {ISBN 0-19-850588-4},
	Publisher = {Clarendon Press},
	Title = {Mathematical and Computational Methods for Compressible Flow},
	Year = {2003}}

@article{SchwabSuri96,
	Author = {Schwab, C. and Suri, M.},
	Journal = {Math. Comput.},
	Number = {216},
	Pages = {1403--1429},
	Title = {The $p$ and $hp$ versions of the finite element method for problems with boundary layers},
	Volume = {65},
	Year = {1996}}

@book{Melenk02,
	Address = {Berlin},
	Author = {Melenk, J.M.},
	Publisher = {Springer},
	Title = {$hp$-{Finite Element Methods for Singular Perturbations}},
	Year = {2002}}

@book{RoosStynesTobiska08,
	Address = {Berlin},
	Author = {Roos, H.-G. and Stynes, M. and Tobiska, L.},
	Edition = {2nd},
	Optnote = {ISBN 978-3-540-34466-7},
	Publisher = {Springer-Verlag},
	Series = {Springer Series in Computational Mathematics},
	Title = {Robust Numerical Methods for Singularly Perturbed Differential Equations},
	Volume = {24},
	Year = {2008}}

@book{AinsworthOden00,
	Address = {New York},
	Author = {Ainsworth, M. and Oden, J.T.},
	Publisher = {Wiley and Sons, Inc.},
	Title = {A Posteriori Error Estimation in Finite Element Analysis},
	Year = {2000}}

@article{ErnGuermond08,
	Author = {Alexandre Ern and Jean-Luc Guermond},
	Journal = {SIAM J. Numer. Anal.},
	Number = {2},
	Owner = {ccgo},
	Pages = {776-804},
	Timestamp = {2011.08.24},
	Title = {Discontinuous {G}alerkin methods for {F}riedrichs' systems. {P}art {III}. {M}ultifield theories with partial coercivity},
	Volume = {46},
	Year = {2008}}

@article{Bui-ThanhDemkowiczGhattas11b,
	Author = {Tan Bui-Thanh and Leszek Demkowicz and Omar Ghattas},
	Journal = {Submitted to SIAM J. Numer. Anal.},
	Note = {Also ICES report ICES-11-34, November 2011.},
	Owner = {ccgo},
	Timestamp = {2011.11.08},
	Title = {A Unified Discontinuous {P}etrov-{G}alerkin Method and its Analysis for {F}riedrichs' Systems},
	Year = {2011}}

@article{ErnGuermondCaplain07,
	Author = {Alexandre Ern and Jean-Luc Guermond and Gilbert Caplain},
	Journal = {Communications in partial differential equations},
	Number = {2},
	Owner = {ccgo},
	Pages = {317-341},
	Timestamp = {2011.06.13},
	Title = {An intrinsic criterion for the bijectivity of {H}ilbert Operators related to {F}riedrichs' systems},
	Volume = {32},
	Year = {2007}}

@book{ErnGuermond04,
	Author = {Alexandre Ern and Jean-Luc Guermond},
	Owner = {ccgo},
	Publisher = {Spinger-{V}erlag},
	Series = {Applied Mathematical Sciences},
	Timestamp = {2011.01.01},
	Title = {Theory and Practice of Finite Elements},
	Volume = {159},
	Year = {2004}}

@book{OdenDemkowicz10,
	Author = {J. Tinsley Oden and Leszek F. Demkowicz},
	Owner = {ccgo},
	Publisher = {CRC Press},
	Timestamp = {2009.06.26},
	Title = {Applied functional analysis},
	Year = {2010}}

@article{ErnGuermond06,
	Author = {Alexandre Ern and Jean-Luc Guermond},
	Journal = {SIAM J. Numer. Anal.},
	Number = {2},
	Owner = {ccgo},
	Pages = {753-778},
	Timestamp = {2011.06.13},
	Title = {Discontinuous {G}alerkin methods for {F}riedrichs' systems. {P}art {I}. {G}eneral theory},
	Volume = {44},
	Year = {2006}}

@article{DemkowiczGopalakrishnanMugaEtAl11a,
	Author = {Leszek Demkowicz and Jayadeep Gopalakrishnan and Ignacio Muga and David Pardo},
	Journal = {In preparation},
	Owner = {ccgo},
	Timestamp = {2011.11.02},
	Title = {A pollution free {DPG} method for multidimensional {H}elmholtz equation},
	Year = {2011}}

@article{Friedrichs58,
	Author = {Kurt O. Friedrichs},
	Journal = {Communications on pure and applied mathematics},
	Owner = {ccgo},
	Pages = {333-418},
	Timestamp = {2011.06.15},
	Title = {Symmetric positive linear differential Equations},
	Volume = {XI},
	Year = {1958}}

@article{Bui-ThanhDemkowiczGhattas11a,
	Author = {Tan Bui-Thanh and Leszek Demkowicz and Omar Ghattas},
	Journal = {Mathematics Of Computation},
	Note = {To appear},
	Owner = {ccgo},
	Timestamp = {2011.06.19},
	Title = {Constructively well-posed approximation method with unity inf-sup and continuity constants for partial differential equations},
	Year = {2011}}

@techreport{practicalDPG,
	Author = {Gopalakrishnan, J. and Qiu, W.},
	Institution = {IMA},
	Note = {submitted},
	Title = {An analysis of the practical {DPG} method},
	Year = 2011}
