@article{chan1996overlapping,
  title={Overlapping Schwarz methods on unstructured meshes using non-matching coarse grids},
  author={Chan, Tony F and Smith, Barry F and Zou, Jun},
  journal={Numerische Mathematik},
  volume={73},
  number={2},
  pages={149--167},
  year={1996},
  publisher={Springer}
}

@book{toselli2005domain,
  title={Domain decomposition methods: algorithms and theory},
  author={Toselli, Andrea and Widlund, Olof},
  volume={3},
  year={2005},
  publisher={Springer}
}

@book{bjorstad2004domain,
  title={Domain decomposition: parallel multilevel methods for elliptic partial differential equations},
  author={Bjorstad, Petter and Gropp, William},
  year={2004},
  publisher={Cambridge University Press}
}

@article{fischer1997overlapping,
  title={An overlapping Schwarz method for spectral element solution of the incompressible Navier--Stokes equations},
  author={Fischer, Paul F},
  journal={Journal of Computational Physics},
  volume={133},
  number={1},
  pages={84--101},
  year={1997},
  publisher={Elsevier}
}

@book{dryja1987additive,
  title={An additive variant of the Schwarz alternating method for the case of many subregions},
  author={Dryja, Maksymilian and Widlund, Olof},
  year={1987},
  publisher={Ultracomputer Research Laboratory, Univ., Courant Inst. of Mathematical Sciences, Division of Computer Science}
}

@article{dryja1994schwarz,
  title={Schwarz analysis of iterative substructuring algorithms for elliptic problems in three dimensions},
  author={Dryja, Maksymilian and Smith, Barry F and Widlund, Olof B},
  journal={SIAM journal on numerical analysis},
  volume={31},
  number={6},
  pages={1662--1694},
  year={1994},
  publisher={SIAM}
}

@book{canuto2007spectral,
  title={Spectral methods: evolution to complex geometries and applications to fluid dynamics},
  author={Canuto, Claudio and Hussaini, M Yousuff and Quarteroni, Alfio and Zang, Thomas A},
  year={2007},
  publisher={Springer}
}

@article{pavarino2000overlapping,
  title={Overlapping Schwarz methods for unstructured spectral elements},
  author={Pavarino, Luca F and Warburton, Timothy},
  journal={Journal of Computational Physics},
  volume={160},
  number={1},
  pages={298--317},
  year={2000},
  publisher={Elsevier}
}